

      @BOOK{Kompendium,
	author = "Katka Maria Delventhal, Alfred Kissner, Malte Kulick",
	title = " Kompendium matematiky: vzorce a pravidla : četné příklady včetně řešení : od základních operací po vyšší matematiku",
	publisher = "Euromedia Group k.s - Knižní klub v edici Universum",
	year = "2004",
	isbn =  "80-242-1227-7"
}


	@BOOK{goniometrie,
		author = "Oldřich ODVÁRKO",
		title = "Matematika pro gymnázia: Goniometrie",
		publisher = "Prometheus",
		year = "2009",
		isbn =  "978-80-7196-359-2"
	}


	@BOOK{geometrie,
	author = "Milan Kočandrle, Leo Boček",
	title = "Matematika pro gymnázia: Analytická geometrie",
	publisher = "Prometheus",
	year = "2010",
	isbn =  "978-80-7196-390-5"
	}


 

	@BOOK{planimetrie,
	author = "Eva POMYKALOVÁ",
	title = "Matematika pro gymnázia: planimetrie",
	publisher = "Prometheus",
	year = "2000",
	isbn =  "80-7196-174-4"
	}

   @MISC{mozilla,
	author =       "Mozilla Foundation",
	title =        "{\it WebGL - Web APIs | MDN}",
	url =          "https://developer.mozilla.org/en-US/docs/Web/API/WebGL_API",
	note =         "[Online]",
	year =         "2016-2017",
	note =         "[Online; navštíveno 12.05.2015]"
	}


   @MISC{opengl,
	author =       "OpenGL",
	title =        "{\it WebGL - Web APIs | MDN}",
	url =          "http://open.gl",
	note =         "[Online]",
	year =         "2016-2017",
	note =         "[Online; navštíveno 12.05.2015]"
}

   @MISC{khronos,
	author =       "khronos",
	title =        "{\it khronos}",
	url =          "https://www.khronos.org/opengl/",
	note =         "[Online]",
	year =         "2016-2017",
	note =         "[Online; navštíveno 12.05.2015]"
}


   @MISC{html5,
	author =       "W3C",
	title =        "{\it HTML5}",
	url =          "https://dev.w3.org/html5/spec-author-view/",
	note =         "[Online]",
	year =         "2016-2017",
	note =         "[Online; navštíveno 12.05.2015]"
	}


 

	@BOOK{WebGLbeg,
	author = "Diego Cantor, Brandon Jones",
	title = "WebGL Beginner's Guide",
	publisher = "Packt Publishing",
	year = "2012",
	isbn =  "9781849691734"
	}




   

  